<collection xmlns="http://www.loc.gov/MARC21/slim">
<record>
  <leader>01002nam0a2200229 i 450 </leader>
  <controlfield tag="001">IT\ICCU\CNCE\060574</controlfield>
  <controlfield tag="005">20131118000000.0</controlfield>
  <datafield tag="012" ind1=" " ind2=" ">
    <subfield code="a">riri iaia noto noto (C) 1514 (R)</subfield>
    <subfield code="2">fei</subfield>
  </datafield>
  <datafield tag="100" ind1=" " ind2=" ">
    <subfield code="a">20050524d1514        0itac0103    ba</subfield>
  </datafield>
  <datafield tag="101" ind1=" " ind2=" ">
    <subfield code="a">ITA</subfield>
  </datafield>
  <datafield tag="102" ind1=" " ind2=" ">
    <subfield code="a">IT</subfield>
  </datafield>
  <datafield tag="200" ind1="1" ind2=" ">
    <subfield code="a">Pompe et cerimonie celebrate nella inclita cipta di Fiorenza nella festiuita del precursore Iohanni Baptista lanno MDXIIII</subfield>
  </datafield>
  <datafield tag="210" ind1=" " ind2=" ">
    <subfield code="e">Impressit Florentie</subfield>
    <subfield code="g">ser Antonius Dominici de Tubinis</subfield>
    <subfield code="h">Kalendis Iulii 1514</subfield>
  </datafield>
  <datafield tag="215" ind1=" " ind2=" ">
    <subfield code="a">\8! c.</subfield>
    <subfield code="d">8ʻ</subfield>
  </datafield>
  <datafield tag="620" ind1=" " ind2=" ">
    <subfield code="a">IT</subfield>
    <subfield code="d">Firenze</subfield>
  </datafield>
  <datafield tag="712" ind1="0" ind2="0">
    <subfield code="a">Tubini, Antonio</subfield>
    <subfield code="3">IT\ICCU\CNCT\000372</subfield>
    <subfield code="4">650</subfield>
  </datafield>
  <datafield tag="791" ind1="0" ind2="0">
    <subfield code="a">Thubini, Antonio</subfield>
    <subfield code="3">IT\ICCU\CNCT\004141</subfield>
    <subfield code="z">Tubini, Antonio</subfield>
  </datafield>
  <datafield tag="791" ind1="0" ind2="2">
    <subfield code="a">A.T.</subfield>
    <subfield code="3">IT\ICCU\CNCT\004142</subfield>
    <subfield code="z">Tubini, Antonio</subfield>
  </datafield>
  <datafield tag="801" ind1=" " ind2="3">
    <subfield code="a">IT</subfield>
    <subfield code="b">ICCU</subfield>
    <subfield code="c">20201115</subfield>
  </datafield>
  <datafield tag="899" ind1=" " ind2=" ">
    <subfield code="a">Biblioteca nazionale centrale. Firenze</subfield>
    <subfield code="1">FI0098</subfield>
    <subfield code="2">CFI CF</subfield>
  </datafield>
  <datafield tag="911" ind1=" " ind2=" ">
    <subfield code="a">Sul front.</subfield>
    <subfield code="9">IT\ICCU\CNCM\001798</subfield>
  </datafield>
  <datafield tag="921" ind1=" " ind2=" ">
    <subfield code="a">IT\ICCU\CNCM\001798</subfield>
    <subfield code="b">Drago alato. In alto iniziali A.A.</subfield>
    <subfield code="c">K56</subfield>
    <subfield code="c">Z459</subfield>
    <subfield code="d">Dimensioni: 2,7 x 3,7</subfield>
    <subfield code="f">DRAGO</subfield>
    <subfield code="f">AA</subfield>
    <subfield code="g">1507-[non dopo il 1521]</subfield>
  </datafield>
</record>
</collection>
